3067 4038
305 227 438 289 tur
456 201 559 289 ad
592 203 886 288 malam
914 197 993 284 ’ἃ
1023 199 1494 304 mendacem
1518 204 1929 293 foeminam
1962 206 2040 295 8:
2069 212 2410 296 invitam
2459 219 2677 328 cogit
2716 134 2846 299 st?-

305 342 440 398 um
468 311 688 398 effari
715 312 1223 397 mendacium
1248 377 1271 410 ,
1300 311 1376 396 8<
1404 315 1945 403 haereticorum
1971 317 2658 407 machinationem
2694 365 2713 407 ς
2741 324 2838 408 il·

305 423 384 506 le
410 432 600 511 vero
631 422 900 534 postea
926 447 1275 534 rogatuS,
1302 446 1390 505 ut
1416 428 1639 509 illam
1664 452 1977 512 curaret
2002 492 2022 523 ‚
2047 453 2358 514 memor
2404 434 2833 522 verborum

304 531 599 618 Christi
627 533 942 647 diligite
968 536 1341 639 inimicos
1369 534 1690 626 vestros,
1718 535 1959 645 ipsam
1988 537 2380 626 liberavit.

312 704 322 711 -
421 647 704 733 Simile
753 640 1210 750 exemplum
1265 641 1537 727 >habes
1583 642 1941 756 superius
1985 657 2068 730 in
2117 657 2284 734 vita
2316 654 2397 735 S.
2464 659 2837 760 Gregorij

303 754 906 865 Thaumaturgi‚
927 757 1057 858 qui
1088 761 1590 837 meretricem
1621 753 1699 837 se
1739 782 2053 865 quoque
2073 761 2728 853 calumniantem,
2751 754 2845 848 δι’

309 864 504 950 ideo
526 859 929 952 obsessam,
957 860 1326 969 liberavit
1353 867 1650 946 iniuria:
1673 868 2094 949 immemor
2121 904 2140 948 ε
2171 866 2385 950 Vide
2409 897 2721 978 quoque
2743 879 2834 955 in

304 981 475 1060 vita
504 976 584 1054 S.
617 975 1030 1071 Vincentij
1075 967 1367 1054 ferrar.
1397 967 1734 1058 eandem
1765 973 2072 1085 prorsus
2093 974 2507 1061 historiam
2536 979 2689 1060 :ibi
2722 981 2830 1063 le-

303 1107 445 1200 ges
468 1080 827 1164 miseram
858 1078 1110 1161 filiam
1139 1077 1346 1162 idem
1378 1088 1679 1166 crimen
1724 1084 1866 1193 ipsi
1913 1082 2369 1193 nequissime
2414 1094 2830 1195 imponen-

306 1219 471 1278 tem
499 1247 521 1282 ‚
565 1220 733 1299 quae
757 1217 948 1273 mox
975 1186 1021 1267 a
1064 1186 1253 1275 stcvo
1288 1194 1667 1277 Daemone
1703 1217 2066 1301 correpta
2089 1192 2244 1278 fuit
2269 1249 2292 1287 ‚
2339 1224 2487 1282 nec
2509 1197 2610 1281 ab
2666 1197 2833 1279 vllo

304 1299 715 1387 Exorcista
749 1298 1059 1383 liberari
1090 1299 1402 1408 potuit,
1430 1300 1575 1384 nifi
1597 1301 1648 1382 a
1685 1303 1857 1386 solo
1893 1309 2334 1391 Vincentio
2367 1341 2392 1391 a
2414 1302 2626 1391 Cum
2671 1303 2834 1389 haec

301 1411 583 1525 legunt
609 1404 1193 1493 Exorcistarum
1221 1409 1794 1496 obtrestator'es
1819 1475 1839 1509 ‚
1869 1410 2005 1494 fibi
2043 1422 2387 1500 caveant
2406 1480 2427 1510 ‚
2457 1414 2538 1501 &
2564 1415 2833 1509 alieno

297 1521 689 1638 periculO,
705 1525 915 1600 cauti
944 1516 1191 1600 fiant:
1220 1518 1379 1603 Sed
1427 1522 1584 1602 alia
1609 1518 2417 1607 videamus2Audiant
2441 1523 2845 1608 decreda-

300 1630 618 1718 tores&
672 1633 802 1739 qui
832 1627 936 1710 de
960 1625 1391 1712 Exorcistis
1437 1630 1519 1714 ἃ.
1576 1634 2143 1739 Energumenis
2192 1633 2406 1717 male
2435 1633 2834 1738 judicant,

297 1737 495 1852 quid
521 1737 773 1822 tribus
820 1735 1394 1824 detracloribus
1444 1746 1822 1823 evenerit.
1902 1739 2110 1823 Cum
2157 1745 2237 1830 S.
2283 1746 2614 1825 Maurus
2669 1741 2836 1824 Ab·

298 1854 442 1937 bas
466 1856 835 1933 oratione
857 1844 935 1930 &
964 1842 1017 1926 fi
1071 1877 1179 1930 no
1204 1858 1466 1931 crucis
1512 1850 1913 1932 Clericum
1936 1901 1959 1941 ‚
1996 1856 2127 1957 qui
2153 1859 2663 1937 caementariae
2708 1877 2834 1934 ar-

297 1969 366 2047 ti
393 1970 718 2070 ptaeerat
745 2023 765 2056 ‚
811 1875 1172 2041 colliigum
1195 1955 1472 2045 sanum
1518 1951 1984 2043 reddidiffet
2017 1957 2389 2066 ,quidam
2429 1969 2602 2044 eius
2639 1966 2837 2043 artis

306 2076 645 2189 operarij
668 2066 906 2152 beato
938 2074 1114 2149 viro
1137 2065 1559 2150 detrahere
1587 2064 2393 2176 coep.etunt,dicentes
2419 2074 2626 2154 inter
2675 2071 2835 2153 alia

302 2177 703 2292 praestigijs
727 2175 1188 2286 quibusdam
1214 2201 1413 2259 eum
1445 2182 1560 2258 uti
1589 2240 1611 2272 ‚
1639 2175 1713 2260 8<
1740 2174 2160 2261 hominum
2184 2177 2438 2260 oculis
2461 2174 2835 2262 scelerate

300 2286 644 2371 illudere
668 2324 689 2370 z
712 2315 896 2371 cum
925 2285 1084 2374 haec
1133 2291 1339 2369 inter
1360 2287 1439 2369 se
1487 2283 2244 2383 sermocinarentur,
2274 2284 2351 2371 8<
2376 2286 2580 2371 alter
2630 2285 2834 2373 alte-

302 2426 478 2479 rum
509 2404 590 2477 in
614 2396 888 2478 odium
921 2400 1002 2476 S.
1029 2401 1174 2478 viri
1195 2400 1640 2479 concitaret
1666 2459 1683 2487 ,
1731 2420 1900 2479 tres
1926 2418 2024 2475 ex
2071 2396 2236 2478 illis
2256 2392 2616 2508 maligno
2657 2398 2834 2483 Dae-

184 2556 193 2559 -
306 2532 550 2587 mone
574 2505 617 2589 ὲ
648 2503 997 2616 vestigio
1025 2512 1417 2615 correpti,
1452 2502 1681 2587 tanta*
1705 2501 2185 2588 crudelitate
2228 2502 2601 2615 discerpti
2639 2501 2832 2610 ‘sunt

300 2639 397 2697 ut
426 2636 627 2697 unus
648 2620 995 2697 animam
1023 2607 1230 2698 inter
1251 2612 1532 2697 acerba
1570 2635 1972 2696 tormenta
1993 2664 2014 2703 ,
2039 2639 2222 2695 cum
2265 2612 2571 2727 lugubri
2597 2613 2832 2700 valde

302 2723 603 2828 ejulatu
630 2776 653 2815 ‚
681 2720 1142 2807 exhalaret:
1190 2720 1411 2831 quod
1463 2747 1559 2806 ut
1596 2720 1702 2806 ad
1744 2746 1970 2806 aures
2014 2725 2100 2803 B.
2152 2721 2422 2806 Mauri
2467 2727 2831 2834 pervenit

302 2830 576 2915 -statim
605 2831 1041 2942 lachrymis
1094 2856 1315 2915 totus
1336 2831 1636 2915 infusus
1688 2894 1710 2927 ‚
1734 2827 1839 2914 ad
1866 2833 1948 2917 S.
2002 2835 2340 2914 Martini
2385 2836 2829 2916 oratorium

304 2946 735 3023 contendit
756 2940 885 3027 vbi
912 2941 1168 3025 tribus
1187 2939 1408 3023 horis
1430 2946 1835 3023 continuis
1860 2947 1943 3020 in
1973 2946 2174 3021 orati
2185 2965 2341 3023 one
2364 2942 2688 3038 endiis»,
2718 2936 2829 3022 ad
2849 3001 2858 3010 .
2961 2959 2966 2964 ’

304 3042 676 3129 homines
698 3048 1061 3134 extrema
1081 3049 1550 3132 calamitate
1572 3043 1893 3131 miseros
1921 3043 2256 3146 acceffit,‘
2286 3048 2365 3132 ἅ
2388 3047 2615 3131 edito
2633 3074 2829 3154 conf·

298 3176 438 3239 ‚tra
465 3153 652 3237 illos
693 3159 1187 3270 crucisfigno
1207 3212 1233 3252 2
1255 3157 1472 3243 filius
1492 3160 1650 3240 ‘Dei
1678 3219 1703 3250 ‚
1728 3163 1985 3266 inquit
2010 3217 2035 3253 ,
2058 3184 2192 3266 qui
2228 3155 2650 3267 Discipulis
2672 3154 2831 3246 suis

305 3263 676 3347 calcandi
700 3265 922 3375 super
973 3265 1370 3379 serpentes
1417 3265 1494 3352 &
1541 3263 2039 3376 scorpiones,
2069 3264 2545 3376 potestatem
2594 3261 2828 3356 dedit

296 3373 412 3456 ab
441 3370 594 3456 hac
618 3378 1121 3463 Daemoniaca
1143 3402 1293 3461 vos
1313 3384 1746 3461 vexatione
1785 3370 2145 3460 absolvat
2166 3438 2189 3471 ,
2213 3400 2552 3480 cumque
2578 3371 2828 3455 illini-

310 3477 753 3570 hilominus
790 3482 1172 3572 dentibus
1218 3482 1299 3571 &
1347 3483 1603 3570 oculis
1639 3480 1988 3570 furorem
2034 3480 2468 3595 spirarent,
2501 3487 2620 3569 vir
2669 3484 2821 3562 Dei

288 3643 298 3650 .
1616 3598 1701 3683 G
1771 3661 1776 3664 ⁷
2463 3629 2465 3638 ‚
2637 3609 2817 3692 pro..
