3067 4038
387 246 495 336 Et
516 245 983 337 daemoniaci
1016 248 1095 337 8(
1123 254 1336 337 avari
1363 252 1916 348 collationem,
1946 249 2142 336 ibid.
2166 276 2250 363 p.
2282 250 2495 336 6‘60.
2685 171 2732 257 3

368 363 606 443 *item
628 359 1150 448 collationem
1216 363 1778 445 iracundorum
1803 359 1882 444 ἃ
1906 359 2496 447 daemoniacorii
2524 360 2809 475 lege2&

232 482 247 523 ·’
278 469 589 556 videbis
607 468 953 578 qualiter
975 469 1426 554 consoletur
1445 470 1981 555 daemoniacos
2003 525 2024 563 ‚
2056 471 2130 554 ἃ
2169 479 2372 553 inter
2397 497 2812 581 eos‚quen-

276 578 469 662 dam
504 575 1000 663 Monachum
1029 578 1323 666 dicium
1357 583 1822 692 Stargirium
1854 584 1931 681 in
1988 576 2292 663 mundo
2318 608 2693 693 magnum
2724 580 2804 663 &

230 720 235 723 ’
274 686 657 779 nobilem.
689 717 924 796 quem
940 689 1281 773 -doemon
1308 685 1600 775 facium
1655 686 2150 770 Monachum
2184 687 2610 773 obsederat
2654 755 2676 786 ‚
2733 688 2814 773 ὃς

273 803 619 907 graviter
665 797 1076 911 affligebat
1108 837 1129 894 ς
1159 822 1319 879 tres
1359 795 1467 880 ad
1529 823 1709 877 eum
1773 793 2022 880 libros
2048 798 2264 881 leclu.
2297 796 2810 907 digniffim0s‚
2900 880 2909 887 .

232 904 461 1002 pvere
484 932 766 990 aureos
790 904 1416 1014 misininquibus
1449 905 1706 986 multa
1729 902 1834 986 ad
1860 905 2596 1004 consolationem&
2621 934 2807 993 cum

153 1023 175 1064 '·
277 1011 559 1097 divina
604 1015 1026 1099 voluntate
1069 1012 1725 1097 conformitatem
1778 1010 1992 1126 stylo
2033 1013 2488 1098 admirabili
2523 1028 2816 1126 propo-

234 1136 255 1217 ⁷.
278 1127 403 1223 nit
430 1156 465 1204 ε·
494 1123 669 1235 lege
686 1122 839 1208 hos
866 1148 1027 1207 tres
1047 1121 1294 1204 libros
1315 1176 1337 1214 ‚
1377 1123 1453 1207 &
1479 1146 1559 1204 te
1581 1118 1844 1233 legifl‘e
1872 1153 2036 1207 non
2061 1125 2484 1234 poenitebit
2517 1162 2539 1207 ε
2570 1125 2625 1209 fi
2651 1155 2815 1223 non

271 1227 543 1322 habes,
566 1232 694 1317 vel
720 1235 980 1347 legere
1006 1238 1222 1344 piget
1265 1297 1284 1329 ,
1309 1253 1495 1315 ecce
1520 1230 1669 1314 tibi
1693 1231 1957 1343 aliqua
1981 1259 2322 1344 excerpo
2349 1269 2369 1314 ε
2853 1269 2872 1279 ’

393 1344 650 1425 Omni
681 1347 991 1446 afflone
1009 1340 1411 1427 diabolicz'i
1435 1347 1850 1449 potentior
1873 1338 1991 1424 est
2010 1342 2110 1427 ad
2147 1339 2599 1426 nocendum
2623 1370 2817 1431 moe-

273 1453 478 1532 roris
503 1451 979 1565 magnitudo
1010 1487 1030 1532 ε
1089 1452 1433 1563 namque
1459 1449 1535 1532 &
1590 1449 1900 1535 daemon
1924 1452 2456 1560 quoscumque
2479 1449 2816 1563 superat,

226 1592 249 1600 -
269 1585 414 1672 per
436 1579 852 1645 moerorem
878 1559 1185 1672 superat
1208 1587 1232 1636 .·
1257 1589 1440 1647 eum
1467 1556 1523 1642 si
1551 1554 1857 1643 auferas
1879 1615 1905 1655 ‚
1935 1562 2135 1646 nihil
2161 1560 2207 1645 ἒι
2234 1559 2595 1646 daemone
2614 1565 2823 1673 quis·
2867 1593 2876 1605 ·

266 1696 513 1780 quam
539 1671 715 1756 laedi
746 1680 1114 1785 poterit:
1176 1673 1278 1755 Et
1298 1668 1712 1781 quomodo
1735 1734 1756 1765 ‚
1783 1676 2093 1780 inquies
2116 1726 2140 1765 ‚
2167 1671 2340 1755 fieri
2391 1671 2652 1783 potest
2673 1737 2694 1771 ‚
2731 1690 2822 1759 ut

238 1807 612 1891 „moerore
639 1809 917 1866 vacem
949 1803 973 1862 ?
1016 1799 1163 1894 ego
1184 1806 1494 1872 contra,
1526 1803 1608 1863 te
1632 1785 1929 1865 interro
1983 1782 2163 1877 abo,
2191 1781 2347 1889 quii
2388 1808 2475 1867 ru
2503 1790 2816 1871 ratione

270 1915 614 1972 moerore
637 1889 848 1973 affici
879 1890 1170 1976 debes:
1198 1891 1484 1999 nempe
1509 1894 1752 1978 enirn,
1782 1889 1836 1974 fi
1856 1914 1915 1973 'a
1979 1892 2049 1971 ul
2063 1896 2372 1986 terium,
2402 1890 2456 1974 fi
2477 1885 2822 1973 homici-

273 1996 530 2091 dium,
555 1998 612 2083 fi
638 1997 885 2083 scelus
907 1995 1233 2108 aliquod
1264 1992 1715 2081 huiusmodi
1748 1993 2280 2109 perpetrass'e8‚
2310 1997 2522 2107 quod
2552 2022 2637 2082 te
2660 2012 2826 2087 Re-‘

230 2158 239 2165 ·
270 2113 453 2216 gnis
475 2107 927 2194 coelestibus
945 2105 1419 2211 excluderet
1451 2170 1472 2203 ,
1494 2105 1703 2191 recle
1730 2115 2088 2190 moeroris
2117 2135 2211 2191 ac
2231 2106 2435 2207 justa
2460 2109 2607 2191 tibi
2633 2139 2823 2194 cau-

230 2253 237 2258 ·
268 2214 348 2301 sa
375 2219 699 2322 lugendi
724 2213 952 2317 effer,
1010 2212 1419 2326 nullusque
1447 2239 1528 2298 te
1556 2212 1604 2298 Ξι
1628 2215 2065 2323 lachrymis
2096 2215 2168 2301 8:
2199 2214 2518 2301 fletibus
2543 2220 2817 2328 prohi-

228 2360 241 2368 ·
269 2326 746 2438 beretzquod
774 2326 831 2413 si
854 2356 993 2441 per
1023 2334 1170 2414 Dei
1193 2324 1662 2438 gratiam‚ab
1689 2321 1811 2409 his
1840 2326 2285 2438 longiffime
2310 2352 2663 2411 remotus
2687 2356 2810 2425 es,

168 2459 173 2462 “
267 2436 460 2550 quid
492 2434 777 2522 frustra
799 2434 1133 2548 teipsum
1158 2434 1526 2520 concidis
1574 2463 1668 2519 ac
1691 2441 2019 2545 perimis
2056 2457 2081 2516 .>
2113 2440 2211 2517 Et
2237 2432 2463 2517 infra:

284 2609 287 2612 2
386 2548 769 2632 Gaudere
796 2545 1068 2657 potius
1090 2612 1111 2646 ‚
1144 2546 1221 2632 ἃ
1249 2546 1584 2628 meliore
1613 2553 1886 2628 animo
1934 2540 2084 2626 esse
2127 2543 2416 2636 debes,
2439 2541 2656 2653 quod
2689 2545 2823 2643 hic

244 2678 606 2765 peccata
631 2684 768 2741 tua
795 2656 945 2740 tibi
972 2663 1483 2740 remittantur
1508 2718 1528 2750 ‚
1561 2681 1663 2737 ne
1687 2682 1869 2738 cum
1917 2649 2193 2736 saeculo
2216 2651 2363 2735 isto
2383 2652 2818 2739 damneris:

268 2770 403 2869 qui
428 2765 929 2863 enimdolet‚
958 2795 1118 2850 non
1143 2770 1328 2872 quia
1352 2762 1918 2862 cruciatur‚sed
1947 2774 2129 2872 quia
2157 2755 2503 2845 offendit
2537 2766 2821 2865 Deum,

270 2872 549 2958 dolere
569 2873 815 2960 debet
838 2903 863 2951 .·
893 2898 1221 2985 peccata
1246 2879 1459 2957 enim
1487 2866 1855 2980 separant
1882 2871 1927 2953 a
1956 2871 2190 2953 nobis
2219 2874 2504 2960 Deum,
2525 2871 2822 2955 consti-

268 2982 664 3092 tuuntt'lue
691 2984 929 3068 nobis
964 2984 1186 3067 illum
1212 2988 1658 3078 inimicum,
1685 2988 2086 3064 cruciatus
2110 2979 2303 3063 vcro
2335 2981 2567 3062 nobis
2589 2980 2820 3067 illum

238 3091 736 3175 ‘reconciliat
756 3156 776 3190 ,
832 3091 1368 3204 praeparatt'lue
1395 3095 1828 3201 propitium
1878 3115 1970 3170 ac
2019 3095 2548 3199 propinquum
2598 3089 2764 3171 fieri
2797 3088 2826 3175 ε’

231 3194 495 3310 quod
517 3224 783 3283 autem
808 3229 970 3284 non
998 3203 1091 3288 sit
1116 3221 1629 3311 peccatorum
1652 3198 2069 3281 retributio
2096 3262 2116 3296 ,
2166 3195 2301 3280 sed
2344 3225 2584 3280 coron
2596 3226 2821 3284 arum

226 3345 243 3356 ·
327 3304 575 3409 otius
592 3314 1253 3422 praemiorumqrie
1280 3316 1615 3393 materia
1640 3360 1665 3401 ‚
1711 3306 1947 3391 sudor
1974 3304 2113 3415 iste
2163 3330 2341 3388 tuus
2369 3358 2392 3395 ‚
2443 3335 2535 3389 ac
2559 3304 2822 3408 dolor,

236 3457 241 3464 ·
329 3417 459 3501 inc
492 3418 674 3503 sane
698 3416 1197 3504 manifestum
1226 3417 1384 3502 est:
1415 3418 1470 3502 fi
1492 3423 1707 3499 enim
1739 3412 1958 3526 prius
1984 3420 2321 3526 turpiter
2349 3439 2444 3497 ac
2472 3415 2823 3500 luxurio-

258 3533 357 3615 se
385 3525 695 3622 vixiffes
727 3593 755 3634 ,
807 3552 1048 3641 atque
1069 3536 1184 3617 ita
1234 3551 1317 3613 te
1336 3525 1441 3615 ad
1489 3524 2083 3719 Mgnachorum
2129 3520 2814 3710 conversatioliinffm

226 3670 243 3678 ·
555 3691 568 3701 -
1047 3675 1051 3679 >
1227 3672 1230 3675 ·
1710 3660 1749 3744 3
2365 3653 2612 3711 contu
2731 3655 2818 3710 es
